[gd_scene load_steps=13 format=2]

[ext_resource path="res://player/player.tscn" type="PackedScene" id=1]
[ext_resource path="res://opponent/opponent.tscn" type="PackedScene" id=2]
[ext_resource path="res://ball/ball.tscn" type="PackedScene" id=3]
[ext_resource path="res://level/level.gd" type="Script" id=4]
[ext_resource path="res://Assets/PoetsenOne-Regular.ttf" type="DynamicFontData" id=5]
[ext_resource path="res://Assets/ping_pong_8bit_plop.ogg" type="AudioStream" id=6]

[sub_resource type="DynamicFont" id=4]
size = 45
font_data = ExtResource( 5 )

[sub_resource type="DynamicFont" id=5]
size = 45
font_data = ExtResource( 5 )

[sub_resource type="DynamicFont" id=6]
size = 90
font_data = ExtResource( 5 )

[sub_resource type="RectangleShape2D" id=1]
extents = Vector2( 639, 0.5 )

[sub_resource type="RectangleShape2D" id=2]
extents = Vector2( 639, 0.5 )

[sub_resource type="RectangleShape2D" id=3]
extents = Vector2( 27, 360 )

[node name="Level" type="Node"]
script = ExtResource( 4 )

[node name="ColorRect" type="ColorRect" parent="."]
margin_right = 1280.0
margin_bottom = 720.0
color = Color( 0.0784314, 0.129412, 0.14902, 1 )

[node name="PlayerScore" type="Label" parent="."]
anchor_left = 0.5
anchor_top = 0.5
anchor_right = 0.5
anchor_bottom = 0.5
margin_left = -235.0
margin_top = -27.0
margin_right = -24.0
margin_bottom = 27.0
custom_colors/font_color = Color( 0.34902, 0.4, 0.462745, 1 )
custom_fonts/font = SubResource( 4 )
text = "TEST"
align = 1
valign = 1

[node name="OpponentScore" type="Label" parent="."]
anchor_left = 0.5
anchor_top = 0.5
anchor_right = 0.5
anchor_bottom = 0.5
margin_left = 24.0
margin_top = -27.0
margin_right = 235.0
margin_bottom = 27.0
custom_colors/font_color = Color( 0.34902, 0.4, 0.462745, 1 )
custom_fonts/font = SubResource( 5 )
text = "TEST"
align = 1
valign = 1

[node name="CountdownLabel" type="Label" parent="."]
anchor_left = 0.5
anchor_top = 0.5
anchor_right = 0.5
anchor_bottom = 0.5
margin_left = -26.0
margin_top = -360.0
margin_right = 25.0
custom_fonts/font = SubResource( 6 )
text = "3"
align = 1
valign = 1

[node name="Player" parent="." instance=ExtResource( 1 )]
position = Vector2( 128, 360 )

[node name="EdgeTop" type="StaticBody2D" parent="."]

[node name="CollisionShape2DTop" type="CollisionShape2D" parent="EdgeTop"]
position = Vector2( 640, -0.5 )
shape = SubResource( 1 )

[node name="EdgeBottom" type="StaticBody2D" parent="."]
position = Vector2( 0, 987 )

[node name="CollisionShape2DBottom" type="CollisionShape2D" parent="EdgeBottom"]
position = Vector2( 640, -266.5 )
shape = SubResource( 2 )

[node name="Opponent" parent="." instance=ExtResource( 2 )]
position = Vector2( 1152, 360 )

[node name="Ball" parent="." instance=ExtResource( 3 )]

[node name="EndZoneLeft" type="Area2D" parent="."]

[node name="CollisionShape2D" type="CollisionShape2D" parent="EndZoneLeft"]
position = Vector2( -27, 360 )
shape = SubResource( 3 )

[node name="EndZoneRight" type="Area2D" parent="."]
position = Vector2( 1334, 0 )

[node name="CollisionShape2D" type="CollisionShape2D" parent="EndZoneRight"]
position = Vector2( -27, 360 )
shape = SubResource( 3 )

[node name="CountdownTimer" type="Timer" parent="."]
wait_time = 3.0
one_shot = true

[node name="ScoreSound" type="AudioStreamPlayer" parent="."]
stream = ExtResource( 6 )

[connection signal="body_entered" from="EndZoneLeft" to="." method="_on_End_Zone_Left_body_entered"]
[connection signal="body_entered" from="EndZoneRight" to="." method="_on_End_Zone_Right_body_entered"]
[connection signal="timeout" from="CountdownTimer" to="." method="_on_CountdownTimer_timeout"]
